@book{siciliano2008springer,
  title={Springer handbook of robotics},
  author={Siciliano, Bruno and Khatib, Oussama and Kr{\"o}ger, Torsten},
  volume={200},
  year={2008},
  publisher={Springer}
}

@book{prensky2001digital,
  author    = {Marc Prensky},
  title     = {Digital Game-Based Learning},
  publisher = {McGraw-Hill},
  year      = {2001}
}

@book{valente1999aprendizado,
  author    = {José Armando Valente},
  title     = {Aprendizado Baseado em Tecnologia},
  publisher = {UNICAMP},
  year      = {1999}
}

@book{gee2003video,
  author    = {James Paul Gee},
  title     = {What Video Games Have to Teach Us About Learning and Literacy},
  publisher = {Palgrave Macmillan},
  year      = {2003}
}

@book{papert1980mindstorms,
  author    = {Seymour Papert},
  title     = {Mindstorms: Children, Computers, and Powerful Ideas},
  publisher = {Basic Books},
  year      = {1980}
}




@inproceedings{gomes2011memoria,
  author    = {Gomes, V. K. L.},
  title     = {Desenvolvimento de um jogo de memorização baseado em LEDs e botões na plataforma Arduino},
  booktitle = {Congresso Brasileiro de Informática na Educação (CBIE)},
  year      = {2011},
  pages     = {145--150},
  organization = {SBC}
}

@misc{gamebuino2016,
  title     = {Gamebuino: A retro portable game console based on Arduino},
  year      = {2016},
  note      = {Disponível em: \url{https://gamebuino.com/}, Acesso em: 22 fev. 2025}
}

@misc{makerbuino2016,
  title     = {MAKERbuino: A DIY game console for learning and fun},
  year      = {2016},
  note      = {Disponível em: \url{https://www.makerbuino.com/}, Acesso em: 22 fev. 2025}
}

